@BOOK{book.astrommurray.2009,
  title         = {Feedback Systems An Introduction for Scientists and Engineers},
  publisher     = {Princeton University Press},
  year          = {2009},
  author        = {{\AA}str\"{o}m, Karl Johan and Murray, Richard M.},
  timestamp     = {2012.08.30}
}

@BOOK{book.lavretskywise.2013,
  title         = {Robust and Adaptive Control},
  author        = {Lavretsky, Eugene Y. and Wise, Kevin .A.},
  year          = {2013},
  publisher     = {Springer}
}

@MANUAL{manual.durham.2002,
  title         = {Aircraft Dynamics \& Control},
  author        = {Wayne Durham},
  organization  = {Virginia Polytechnic Institute \& State University},
  year          = {1997-2002}
}

@BOOK{book.etkin.1972,
  title         = {Dynamics of Atmospheric Flight},
  publisher     = {Wiley},
  year          = {1972},
  author        = {Bernard Etkin},
  address       = {New York}
}

@BOOK{book.stevenslewis.2003,
  title         = {Aircraft control and simulation},
  publisher     = {John Wiley},
  year          = {2003},
  author        = {Stevens, B.L. and Lewis, F.L.},
  isbn          = {9780471371458},
  lccn          = {2003043250},
  url           = {http://books.google.co.cr/books?id=T0Ux6av4btIC}
}

@BOOK{schmidt1991dynamics2,
  title         = {Dynamics and control of hypersonic vehicles - The integration challenge for the 1990's},
  publisher     = {American Institute of Aeronautics and Astronautics},
  year          = {1963},
  author        = {David Schmidt},
  url           = {http://dx.doi.org/10.2514/6.1991-5057}
}

@ARTICLE{maughmer1989prediction,
  title         = {Prediction of forces and moments for flight vehicle control effectors: Workplan},
  author        = {Maughmer, M.D.},
  year          = {1989},
  journal       = {NASA-CR-184666}
}

@BOOK{journal:billimoriaschmidt1995,
  title         = {An integrated development of the equations of motion for elastic hypersonic flight vehicles},
  author        = {Karl Bilimoria},
  publisher     = {American Institute of Aeronautics and Astronautics},
  year          = {1963},
  url           = {http://dx.doi.org/10.2514/6.1992-4605}
}

@INPROCEEDINGS{mirmirani2005airbreathing,
  title         = {Airbreathing hypersonic flight vehicle modeling and control, review, challenges, and a CFD-based example},
  author        = {Mirmirani, M. and Wu, C. and Clark, A. and Choi, S. and Fidan, B.},
  booktitle     = {Workshop on Modeling and Control of Complex Systems},
  pages         = {1--15},
  year          = {2005}
}

@BOOK{lavretskywisebook,
  title         = {Robust and Adaptive Control},
  author        = {Lavretsky, E. and Wise, K.A.},
  isbn          = {9781447143963},
  url           = {http://books.google.com/books?id=a2128lhlWfQC},
  publisher     = {Springer},
  year          = {2012}
}

@BOOK{heppenheimer2009facing,
  title         = {Facing the Heat Barrier: A History of Hypersonics},
  author        = {Heppenheimer, T.A.},
  isbn          = {9781780394596},
  series        = {The NASA History Series},
  url           = {http://books.google.com/books?id=dUXKgSYZPV8C},
  year          = {2011},
  publisher     = {Books Express Publishing}
}

@BOOK{narendra2005stable,
  title         = {Stable Adaptive Systems},
  author        = {Narendra, K.S. and Annaswamy, A.M.},
  isbn          = {9780486442266},
  lccn          = {2004065741},
  series        = {Dover Books on Electrical Engineering Series},
  url           = {http://books.google.com/books?id=CRJhmsAHCUcC},
  year          = {2005},
  publisher     = {Dover}
}

@BOOK{gibson.aiaacrm.2012,
  title         = {Improved Transient Response in Adaptive Control Using Projection Algorithms and Closed Loop Reference Models},
  author        = {Travis Gibson and Anuradha Annaswamy and Eugene Lavretsky},
  booktitle     = {AIAA Guidance, Navigation, and Control Conference},
  publisher     = {American Institute of Aeronautics and Astronautics},
  url           = {http://dx.doi.org/10.2514/6.2012-4775},
  year          = {2012}
}

@CONFERENCE{gibson.ecc.2013,
  author        = {T. E. Gibson and A. M. Annaswamy and E. Lavretsky},
  booktitle     = {European Control Conference (submitted)},
  title         = {Closed--loop Reference Models for Output--Feedback Adaptive Systems},
  year          = {2013},
  pages         = {1}
}

@ARTICLE{gibson.ieeetrans.2013,
  author        = {Travis E. Gibson and Anuradha M. Annaswamy and Eugene Lavretsky},
  journal       = {IEEE Transactions on Automatic Control},
  title         = {Closed--loop Reference Model Adaptive Control: Stability, Performance and Robustness},
  year          = {({\em submitted}) 2012 ArXiv:1201.4897},
  url           = {\url{http://arxiv.org/abs/1201.4897}}
}

@CONFERENCE{gibson.acc2.2013,
  author        = {Travis E. Gibson and Anuradha M. Annaswamy and Eugene Lavretsky},
  booktitle     = {America Control Conference (submitted)},
  title         = {{Closed--loop Reference Model Adaptive Control, Part II: Composite control and Observer Feedback}},
  year          = {2013},
  pages         = {1}
}

@CONFERENCE{gibson.acc1.2013,
  author        = {T.~E. Gibson and A.~M. Annaswamy and E. Lavretsky},
  booktitle     = {American Control Conference (submitted)},
  title         = {{Closed--loop Reference Model Adaptive Control, Part I: Transient Performance}},
  year          = {2013},
  pages         = {1}
}

@ARTICLE{PometPraly.1992,
  author        = {Pomet, J.-B. and Praly, L.},
  journal       = {Automatic Control, IEEE Transactions on},
  title         = {Adaptive nonlinear regulation: estimation from the Lyapunov equation},
  year          = {1992},
  month         = {jun},
  volume        = {37},
  number        = {6},
  pages         = {729 -740},
  doi           = {10.1109/9.256328},
  ISSN          = {0018-9286}
}
